%YAML 1.1
%TAG !u! tag:unity3d.com,2011:
--- !u!1 &512492197
GameObject:
  m_ObjectHideFlags: 0
  m_CorrespondingSourceObject: {fileID: 0}
  m_PrefabInstance: {fileID: 0}
  m_PrefabAsset: {fileID: 0}
  serializedVersion: 6
  m_Component:
  - component: {fileID: 512492198}
  m_Layer: 6
  m_Name: USBs
  m_TagString: Untagged
  m_Icon: {fileID: 0}
  m_NavMeshLayer: 0
  m_StaticEditorFlags: 0
  m_IsActive: 1
--- !u!4 &512492198
Transform:
  m_ObjectHideFlags: 0
  m_CorrespondingSourceObject: {fileID: 0}
  m_PrefabInstance: {fileID: 0}
  m_PrefabAsset: {fileID: 0}
  m_GameObject: {fileID: 512492197}
  m_LocalRotation: {x: -0.020885503, y: 0.87627125, z: -0.03813952, w: -0.47985196}
  m_LocalPosition: {x: 0.43183556, y: -0.16794193, z: 0.23014832}
  m_LocalScale: {x: 1, y: 1, z: 1}
  m_Children: []
  m_Father: {fileID: 2008608649}
  m_RootOrder: 0
  m_LocalEulerAnglesHint: {x: 0, y: 180, z: 0}
--- !u!1 &1739672591
GameObject:
  m_ObjectHideFlags: 0
  m_CorrespondingSourceObject: {fileID: 0}
  m_PrefabInstance: {fileID: 0}
  m_PrefabAsset: {fileID: 0}
  serializedVersion: 6
  m_Component:
  - component: {fileID: 1739672592}
  m_Layer: 6
  m_Name: Camera
  m_TagString: Untagged
  m_Icon: {fileID: 0}
  m_NavMeshLayer: 0
  m_StaticEditorFlags: 0
  m_IsActive: 1
--- !u!4 &1739672592
Transform:
  m_ObjectHideFlags: 0
  m_CorrespondingSourceObject: {fileID: 0}
  m_PrefabInstance: {fileID: 0}
  m_PrefabAsset: {fileID: 0}
  m_GameObject: {fileID: 1739672591}
  m_LocalRotation: {x: 0, y: -1, z: 0, w: 0}
  m_LocalPosition: {x: 0.1, y: 0.2, z: 0}
  m_LocalScale: {x: 1, y: 1, z: 1}
  m_Children: []
  m_Father: {fileID: 2008608649}
  m_RootOrder: 1
  m_LocalEulerAnglesHint: {x: 0, y: -180, z: 0}
--- !u!1 &2008608648
GameObject:
  m_ObjectHideFlags: 0
  m_CorrespondingSourceObject: {fileID: 0}
  m_PrefabInstance: {fileID: 0}
  m_PrefabAsset: {fileID: 0}
  serializedVersion: 6
  m_Component:
  - component: {fileID: 2008608649}
  m_Layer: 6
  m_Name: Camera positions
  m_TagString: Untagged
  m_Icon: {fileID: 0}
  m_NavMeshLayer: 0
  m_StaticEditorFlags: 0
  m_IsActive: 1
--- !u!4 &2008608649
Transform:
  m_ObjectHideFlags: 0
  m_CorrespondingSourceObject: {fileID: 0}
  m_PrefabInstance: {fileID: 0}
  m_PrefabAsset: {fileID: 0}
  m_GameObject: {fileID: 2008608648}
  m_LocalRotation: {x: 0, y: 0, z: 0, w: 1}
  m_LocalPosition: {x: 0, y: 0, z: 0}
  m_LocalScale: {x: 1, y: 1, z: 1}
  m_Children:
  - {fileID: 512492198}
  - {fileID: 1739672592}
  - {fileID: 2121894136}
  m_Father: {fileID: 6673653084999261445}
  m_RootOrder: 1
  m_LocalEulerAnglesHint: {x: 0, y: 0, z: 0}
--- !u!1 &2121894135
GameObject:
  m_ObjectHideFlags: 0
  m_CorrespondingSourceObject: {fileID: 0}
  m_PrefabInstance: {fileID: 0}
  m_PrefabAsset: {fileID: 0}
  serializedVersion: 6
  m_Component:
  - component: {fileID: 2121894136}
  m_Layer: 6
  m_Name: HDMI
  m_TagString: Untagged
  m_Icon: {fileID: 0}
  m_NavMeshLayer: 0
  m_StaticEditorFlags: 0
  m_IsActive: 1
--- !u!4 &2121894136
Transform:
  m_ObjectHideFlags: 0
  m_CorrespondingSourceObject: {fileID: 0}
  m_PrefabInstance: {fileID: 0}
  m_PrefabAsset: {fileID: 0}
  m_GameObject: {fileID: 2121894135}
  m_LocalRotation: {x: -0.087344274, y: -0.79825896, z: 0.119419545, w: -0.58386016}
  m_LocalPosition: {x: -0.40539894, y: -0.13584137, z: -0.024763584}
  m_LocalScale: {x: 1, y: 1, z: 1}
  m_Children: []
  m_Father: {fileID: 2008608649}
  m_RootOrder: 2
  m_LocalEulerAnglesHint: {x: 0, y: -180, z: 0}
--- !u!1 &6673653084999261446
GameObject:
  m_ObjectHideFlags: 0
  m_CorrespondingSourceObject: {fileID: 0}
  m_PrefabInstance: {fileID: 0}
  m_PrefabAsset: {fileID: 0}
  serializedVersion: 6
  m_Component:
  - component: {fileID: 6673653084999261445}
  - component: {fileID: 6412859092547992194}
  m_Layer: 6
  m_Name: Notebook
  m_TagString: Untagged
  m_Icon: {fileID: 0}
  m_NavMeshLayer: 0
  m_StaticEditorFlags: 0
  m_IsActive: 1
--- !u!4 &6673653084999261445
Transform:
  m_ObjectHideFlags: 0
  m_CorrespondingSourceObject: {fileID: 0}
  m_PrefabInstance: {fileID: 0}
  m_PrefabAsset: {fileID: 0}
  m_GameObject: {fileID: 6673653084999261446}
  m_LocalRotation: {x: 0, y: 0, z: 0, w: 1}
  m_LocalPosition: {x: 0, y: 0, z: 0}
  m_LocalScale: {x: 1, y: 1, z: 1}
  m_Children:
  - {fileID: 3893845938634332233}
  - {fileID: 2008608649}
  m_Father: {fileID: 0}
  m_RootOrder: 0
  m_LocalEulerAnglesHint: {x: 0, y: 0, z: 0}
--- !u!114 &6412859092547992194
MonoBehaviour:
  m_ObjectHideFlags: 0
  m_CorrespondingSourceObject: {fileID: 0}
  m_PrefabInstance: {fileID: 0}
  m_PrefabAsset: {fileID: 0}
  m_GameObject: {fileID: 6673653084999261446}
  m_Enabled: 1
  m_EditorHideFlags: 0
  m_Script: {fileID: 11500000, guid: 58d7d500ca4f92e42a91f008ccdded62, type: 3}
  m_Name: 
  m_EditorClassIdentifier: 
  pointOfInterestList:
  - name: USBs
    cameraPosition: {fileID: 512492198}
  - name: Camera
    cameraPosition: {fileID: 1739672592}
  - name: HDMI
    cameraPosition: {fileID: 2121894136}
--- !u!1001 &3567696692668596130
PrefabInstance:
  m_ObjectHideFlags: 0
  serializedVersion: 2
  m_Modification:
    m_TransformParent: {fileID: 6673653084999261445}
    m_Modifications:
    - target: {fileID: -8679921383154817045, guid: 2fc6aba1b8ac25647b5aa3215309aa4e, type: 3}
      propertyPath: m_RootOrder
      value: 0
      objectReference: {fileID: 0}
    - target: {fileID: -8679921383154817045, guid: 2fc6aba1b8ac25647b5aa3215309aa4e, type: 3}
      propertyPath: m_LocalScale.x
      value: 1
      objectReference: {fileID: 0}
    - target: {fileID: -8679921383154817045, guid: 2fc6aba1b8ac25647b5aa3215309aa4e, type: 3}
      propertyPath: m_LocalScale.y
      value: 1
      objectReference: {fileID: 0}
    - target: {fileID: -8679921383154817045, guid: 2fc6aba1b8ac25647b5aa3215309aa4e, type: 3}
      propertyPath: m_LocalScale.z
      value: 1
      objectReference: {fileID: 0}
    - target: {fileID: -8679921383154817045, guid: 2fc6aba1b8ac25647b5aa3215309aa4e, type: 3}
      propertyPath: m_LocalPosition.x
      value: 999.29535
      objectReference: {fileID: 0}
    - target: {fileID: -8679921383154817045, guid: 2fc6aba1b8ac25647b5aa3215309aa4e, type: 3}
      propertyPath: m_LocalPosition.y
      value: -51.39128
      objectReference: {fileID: 0}
    - target: {fileID: -8679921383154817045, guid: 2fc6aba1b8ac25647b5aa3215309aa4e, type: 3}
      propertyPath: m_LocalPosition.z
      value: 187.14204
      objectReference: {fileID: 0}
    - target: {fileID: -8679921383154817045, guid: 2fc6aba1b8ac25647b5aa3215309aa4e, type: 3}
      propertyPath: m_LocalRotation.w
      value: 0.61780304
      objectReference: {fileID: 0}
    - target: {fileID: -8679921383154817045, guid: 2fc6aba1b8ac25647b5aa3215309aa4e, type: 3}
      propertyPath: m_LocalRotation.x
      value: -0.61780286
      objectReference: {fileID: 0}
    - target: {fileID: -8679921383154817045, guid: 2fc6aba1b8ac25647b5aa3215309aa4e, type: 3}
      propertyPath: m_LocalRotation.y
      value: 0.34397602
      objectReference: {fileID: 0}
    - target: {fileID: -8679921383154817045, guid: 2fc6aba1b8ac25647b5aa3215309aa4e, type: 3}
      propertyPath: m_LocalRotation.z
      value: 0.3439762
      objectReference: {fileID: 0}
    - target: {fileID: -8679921383154817045, guid: 2fc6aba1b8ac25647b5aa3215309aa4e, type: 3}
      propertyPath: m_LocalEulerAnglesHint.x
      value: -90
      objectReference: {fileID: 0}
    - target: {fileID: -8679921383154817045, guid: 2fc6aba1b8ac25647b5aa3215309aa4e, type: 3}
      propertyPath: m_LocalEulerAnglesHint.y
      value: 0
      objectReference: {fileID: 0}
    - target: {fileID: -8679921383154817045, guid: 2fc6aba1b8ac25647b5aa3215309aa4e, type: 3}
      propertyPath: m_LocalEulerAnglesHint.z
      value: 58.216
      objectReference: {fileID: 0}
    - target: {fileID: -8468893037720575769, guid: 2fc6aba1b8ac25647b5aa3215309aa4e, type: 3}
      propertyPath: m_Layer
      value: 6
      objectReference: {fileID: 0}
    - target: {fileID: 919132149155446097, guid: 2fc6aba1b8ac25647b5aa3215309aa4e, type: 3}
      propertyPath: m_Name
      value: GFX
      objectReference: {fileID: 0}
    - target: {fileID: 919132149155446097, guid: 2fc6aba1b8ac25647b5aa3215309aa4e, type: 3}
      propertyPath: m_Layer
      value: 6
      objectReference: {fileID: 0}
    - target: {fileID: 5338430773687669217, guid: 2fc6aba1b8ac25647b5aa3215309aa4e, type: 3}
      propertyPath: m_CastShadows
      value: 0
      objectReference: {fileID: 0}
    - target: {fileID: 5338430773687669217, guid: 2fc6aba1b8ac25647b5aa3215309aa4e, type: 3}
      propertyPath: m_ReceiveShadows
      value: 0
      objectReference: {fileID: 0}
    m_RemovedComponents: []
  m_SourcePrefab: {fileID: 100100000, guid: 2fc6aba1b8ac25647b5aa3215309aa4e, type: 3}
--- !u!4 &3893845938634332233 stripped
Transform:
  m_CorrespondingSourceObject: {fileID: -8679921383154817045, guid: 2fc6aba1b8ac25647b5aa3215309aa4e, type: 3}
  m_PrefabInstance: {fileID: 3567696692668596130}
  m_PrefabAsset: {fileID: 0}
